@article{alden2017china,
    title={China and Africa: building peace and security cooperation on the continent.},
    author={Alden, C and Alao, A. and Chun, Z. and Barber, L},
    year={2017},
    publisher={Springer}
}

@article{herrero2017china,
  title={China's Belt and Road Initiative: Can Europe Expect Trade Gains?},
  author={Herrero, Alicia Garcia and Xu, Jianwei},
  journal={China \& World Economy},
  volume={25},
  number={6},
  pages={84--99},
  year={2017},
  publisher={Wiley Online Library}
}

@article{rigobon2005rule,
  title={Rule of law, democracy, openness, and income: Estimating the interrelationships},
  author={Rigobon, Roberto and Rodrik, Dani},
  journal={Economics of transition},
  volume={13},
  number={3},
  pages={533--564},
  year={2005},
  publisher={Wiley Online Library}
}

@article{nitsch2007state,
  title={State visits and international trade},
  author={Nitsch, Volker},
  journal={World Economy},
  volume={30},
  number={12},
  pages={1797--1816},
  year={2007},
  publisher={Wiley Online Library}
}

@article{rose2007foreign,
  title={The foreign service and foreign trade: embassies as export promotion},
  author={Rose, Andrew K},
  journal={World Economy},
  volume={30},
  number={1},
  pages={22--38},
  year={2007},
  publisher={Wiley Online Library}
}

@article{zhao2016china,
  title={Chinaâ€™s rise and its discursive power strategy},
  author={Zhao, Kejin},
  journal={Chinese Political Science Review},
  volume={1},
  number={3},
  pages={539--564},
  year={2016},
  publisher={Springer}
}

@book{yazigi2014syria,
  title={Syria's War Economy},
  author={Yazigi, Jihad},
  year={2014},
  publisher={Universit{\"a}ts-und Landesbibliothek Sachsen-Anhalt}
}

@article{gibler2009cow,
        author={Gibler, Douglas M.},
        title={International military alliances, 1648-2008. Version 4.1},
        publisher={CQ Press},
        year={2009}
}

@book{de2018much,
  title={How Much Will the Belt and Road Initiative Reduce Trade Costs?},
  author={De Soyres, Fran{\c{c}}ois and Mulabdic, Alen and Murray, Siobhan and Rocha, Nadia and Ruta, Michele},
  year={2018},
  publisher={The World Bank}
}

@article{anderson1999trade,
  title={Trade and contract enforcement},
  author={Anderson, James E and Young, Leslie},
  journal={Boston College},
  year={1999}
}

@article{lambsdorff1998empirical,
  title={An empirical investigation of bribery in international trade},
  author={Lambsdorff, Johann Graf},
  journal={The European Journal of development research},
  volume={10},
  number={1},
  pages={40--59},
  year={1998},
  publisher={Taylor \& Francis}
}

@article{fuchs2013paying,
  title={Paying a visit: The Dalai Lama effect on international trade},
  author={Fuchs, Andreas and Klann, Nils-Hendrik},
  journal={Journal of International Economics},
  volume={91},
  number={1},
  pages={164--177},
  year={2013},
  publisher={Elsevier}
}